@inproceedings{rendimiento,
  title={A testbed for CCAM services supported by edge computing, and use case of computation offloading},
  author={Royuela, Ignacio and Aguado, Juan Carlos and de Miguel, Ignacio and Merayo, Noem{\'\i} and Barroso, Ram{\'o}n J Dur{\'a}n and Hortelano, Diego and Ruiz, Lidia and Fern{\'a}ndez, Patricia and Lorenzo, Rub{\'e}n M and Abril, Evaristo J},
  booktitle={NOMS 2022-2022 IEEE/IFIP Network Operations and Management Symposium},
  pages={1--6},
  year={2022},
  organization={IEEE}
}

@misc{earn,
  title = {{4G LTE EARFCN Calculator}},
  howpublished = {\url{https://5g-tools.com/4g-lte-earfcn-calculator/}},
  note = {Accedido el 24 de mayo de 2023},
}